% Encoding: UTF-8

@Book{Robinson2015,
  title     = {Graph Databases},
  publisher = {O`reilly},
  author    = {Ian Robinson and Emil Eifrem and Jim Webber},
  editor    = {Marie Beaugureau},
  year      = {2015},
}


@Article{Angles2012,
  author  = {Renzo Angles},
  title   = {A Comparison of Current Graph Database Models},
  journal = {2012 IEEE 28th International Conference on Data Engineering Workshops},
  publisher = {IEEE},
  year    = {2012},
}

@Book{Liu2009,
  title     = {Encyclopedia of Database Systems},
  publisher = {Springer US},
  author    = {Ling Liu und M. Tamer \"Ozsu},
  editor    = {Marie Beaugureau},
  year      = {2009},
}